@article{aroca2021prost,
  title={Prost: Physical reasoning of objects through space and time},
  author={Aroca-Ouellette, St{\'e}phane and Paik, Cory and Roncone, Alessandro and Kann, Katharina},
  journal={arXiv preprint arXiv:2106.03634},
  year={2021}
}
@inproceedings{hudson2019gqa,
  title={Gqa: A new dataset for real-world visual reasoning and compositional question answering},
  author={Hudson, Drew A and Manning, Christopher D},
  booktitle={Proceedings of the IEEE/CVF conference on computer vision and pattern recognition},
  pages={6700--6709},
  year={2019}
}
@inproceedings{sharma2023exploring,
  title={Exploring and Improving the Spatial Reasoning Abilities of Large Language Models},
  author={Sharma, Manasi},
  booktitle={I Can't Believe It's Not Better Workshop: Failure Modes in the Age of Foundation Models},
  year={2023}
}
@article{liu2022things,
  title={Things not written in text: Exploring spatial commonsense from visual signals},
  author={Liu, Xiao and Yin, Da and Feng, Yansong and Zhao, Dongyan},
  journal={arXiv preprint arXiv:2203.08075},
  year={2022}
}
@article{xiong2024improving,
  title={Improving causal reasoning in large language models: A survey},
  author={Xiong, Siheng and Chen, Delin and Wu, Qingyang and Yu, Longxuan and Liu, Qingzhen and Li, Dawei and Chen, Zhikai and Liu, Xiaoze and Pan, Liangming},
  journal={arXiv preprint arXiv:2410.16676},
  year={2024}
}
@article{li2023counterfactual,
  title={Counterfactual reasoning: Testing language models' understanding of hypothetical scenarios},
  author={Li, Jiaxuan and Yu, Lang and Ettinger, Allyson},
  journal={arXiv preprint arXiv:2305.16572},
  year={2023}
}
@article{wu2023reasoning,
  title={Reasoning or reciting? exploring the capabilities and limitations of language models through counterfactual tasks},
  author={Wu, Zhaofeng and Qiu, Linlu and Ross, Alexis and Aky{\"u}rek, Ekin and Chen, Boyuan and Wang, Bailin and Kim, Najoung and Andreas, Jacob and Kim, Yoon},
  journal={arXiv preprint arXiv:2307.02477},
  year={2023}
}